
@book{allan1961,
    author={Allan, H. H.},
    title={Flora of New Zealand},
    volume={1},
    year={1961},
    publisher={Government Printer, Wellington},
}

@book{cockayne1928,
    author={Cockayne, L.},
    title={The Vegetation of New Zealand},
    publisher={Engelmann, Leipzig},
    year={1928},
    edition={2},
}

@book{cockayne1965,
    author={Cockayne, L. and Phillips Turner, E.},
    title={The Trees of New Zealand},
    edition={5},
    publisher={Government Printer, Wellington},
    year={1965},
}

@book{cooper1981,
    author={Cooper, Dorothy.},
    title={A Field Guide to New Zealand Native Orchids},
    publisher={Price Milburn. Wellington},
    year={1981},
}

@book{crookes1963,
    author={Crookes, Marguerite and Dobbie, H. B.},
    title={New Zealand Ferns},
    publisher={Whitcombe and Tombs, Christchurch},
    year={1963},
    edition={6},
}

@book{given1981,
    author={Given, David R.},
    title={Rare and Endangered Plants of New Zealand.},
    publisher={A. H. \& A. W. Reed, Wellington},
    year={1981},
}

@book{heath1974,
    author={Heath, Eric and Chinnock, R. J.},
    title={Ferns and Fern Allies of New Zealand},
    publisher={A. H. \& A. W. Reed, Wellington},
    year={1974},
}

@book{johns1983,
    author={Johns, John and Molloy, Brian},
    title={Native Orchids of New Zealand},
    publisher={A. H. \& A. W. Reed, Wellington},
    year={1983},
}

@book{mark1979,
    author={Mark, A. F. and Adams, Nancy},
    title={New Zealand Alpine Plants},
    publisher={A. H. \& A. W. Reed, Wellington},
    year={1979},
}

@book{moore1970,
    author={Moore, Lucy B. and Edgar, Elizabeth},
    title={Flora of New Zealand},
    volume={2},
    publisher={Government Printer, Wellington},
    year={1970},
}

@book{moore1978,
    author={Moore, L. B. and Irwin, J. B.},
    title={The Oxford Book of New Zealand Plants},
    publisher={Oxford University Press, Wellington},
    year={1978},
}

@book{poole1979,
    author={Poole, A. L. and Adams, N. M.},
    title={Trees and Shrubs of New Zealand},
    publisher={Government Printer, Wellington},
    year={1979},
}

@book{salmon1985,
    author={Salmon, J. T.},
    title={Collins Guide to the Alpine Plants of New Zealand, Rev. Ed},
    publisher={Collins, Auckland},
    year={1985},
}

@book{salmon1980,
    author={Salmon, J. T.},
    title={The Native Trees of New Zealand},
    publisher={A. H. \& A. W. Reed, Wellington},
    year={1980},
}

@book{sampson1985,
    author={Sampson, F. B.},
    title={Early New Zealand Botanical Art},
    publisher={Reed Methuen, Auckland},
    year={1985},
}
