@article{allan1924hybridity,
    author={Allan, H. H.},
    year={1924},
    title={On the hybridity of Coprosma cunninghamii},
    journal={New Zealand Journal of Science and Technology},
    volume={6},
    pages={310-18},
}
@book{ansteenis1981rheophytes,
    author={an Steenis, C. G. G. J.},
    year={1981},
    title={Rheophytes of the World},
    publisher={Sijthoff and Noordhoff, The Netherlands},
}
@article{armstrong1872naturalised,
    author={Armstrong, J. F.},
    year={1872},
    title={On the naturalised plants of the Province of Canterbury},
    journal={Transactions of the New Zealand Institute},
    volume={4},
    pages={284-90},
}
@article{atkinson1980divaricating,
    author={Atkinson, I. A. E., and Greenwood, R. M.},
    year={1980},
    title={Divaricating plants and moa browsing: a reply},
    journal={New Zealand Journal of Ecology},
    volume={3},
    pages={165-66},
    publisher={New Zealand Ecological Society},
}
@article{barlow1966revision,
    author={Barlow, B. A.},
    year={1966},
    title={A revision of the Loranthaceae of Australia and New Zealand},
    journal={Australian Journal of Botany},
    volume={14},
    pages={421-99},
}
@article{bawa1979breeding,
    author={Bawa, Kamaljit S.},
    year={1979},
    title={Breeding systems of trees in a tropical wet forest},
    journal={New Zealand Journal of Botany},
    volume={17},
    pages={521-4},
}
@article{baylis1948vegetation,
    author={Baylis, G. T. S.},
    year={1948},
    title={Vegetation of Great Island, Three Kings group},
    journal={Records of the Auckland Institute and Museum},
    volume={3},
    pages={239-52},
}
@book{beadle1981vegetation,
    author={Beadle, Noel C. W.},
    year={1981},
    title={The Vegetation of Australia},
    publisher={Cambridge Univ. Press},
}
@article{beddie1953root,
    author={Beddie, A. D.},
    year={1953},
    title={Root behaviour in Metrosideros},
    journal={Wellington Botanical Society Bulletin},
    volume={26},
    pages={2-6},
}
@article{belkin1968mosquito,
    author={Belkin, J. N.},
    year={1968},
    title={Mosquito studies Vll. The Culicidae of New Zealand},
    journal={Contributions of the American Entomological Institute},
    volume={3},
    pages={1-180},
}
@article{betts1918notes,
    author={Betts, M. Winifred},
    year={1918},
    title={Notes on the autecology of certain plants of the peridotite belt, Nelson},
    chapter={Part 1. Structure of some of the plants. (No. 1)},
    journal={Transactions of the New Zealand Institute},
    volume={50},
    pages={230-43},
}
@article{beveridge1973regeneration,
    author={Beveridge, A. E.},
    year={1973},
    title={Regeneration of podocarps in a central North Island forest},
    journal={New Zealand Journal of Forestry},
    volume={18},
    pages={23-35},
}
@book{bieleski1959factors,
    author={Bieleski, R. L.},
    year={1959},
    title={Factors affecting growth and distribution of the kauri},
    journal={Australian Journal of Botany},
    volume={7},
    pages={252-94},
}
@article{bird1916observations,
    author={Bird, J. W.},
    year={1916},
    title={Observations on the lianes of the ancient forest of the Canterbury Plains of New Zealand},
    journal={Transactions of the New Zealand Institute},
    volume={48},
    pages={315-53},
}
@article{brown1960forester,
    author={Brown, G. S.},
    year={1960},
    title={A forester in New Zealand â€” First impressions},
    journal={Malayan Forester},
    volume={23},
    pages={47-56},
}
@incollection{burrows1979heathlands,
    author={Burrows, C. J. et al.},
    year={1979},
    maintitle={New Zealand heathlands},
    volume={9A},
    title={Heathlands and related Shrublands},
    pages={339-64},
    publisher={Elsevier},
}
@article{burrows1980moas,
    author={Burrows, C. J.},
    year={1980},
    title={Some empirical information on the diet of moas},
    journal={New Zealand Journal of Ecology},
    volume={3},
    pages={125-30},
    publisher={New Zealand Ecological Society},
}
@article{bussell1968effects,
    author={Bussell, W. T.},
    year={1968},
    title={The growth of some New Zealand trees. 2. Effects of photoperiod and temperature},
    journal={New Zealand Journal of Botany},
    volume={6},
    pages={76-85},
}
@article{bussell1968growth,
    author={Bussell, W. T.},
    year={1968},
    title={The growth of some New Zealand trees. 1. Growth in natural conditions},
    journal={New Zealand Journal of Botany},
    volume={6},
    pages={63-75},
}
@article{cain1956applications,
    author={Cain S. A., Castro G. M. de O. et al.},
    year={1956},
    title={Applications of some phytosociological techniques to Brazilian rain forest. Part III. Life-form and leaf size classes},
    journal={American Journal of Botany},
    volume={43},
    pages={928-41},
}
@article{calder1961plant,
    author={Calder, D. M.},
    year={1961},
    title={Plant ecology of subalpine shingle river beds in Canterbury, New Zealand},
    journal={Journal of Ecology},
    volume={49},
    pages={581-94},
}
@article{cameron1955mosaic,
    author={Cameron, R. J.},
    year={1955},
    title={Mosaic or cyclical regeneration in North Island podocarp forests},
    journal={New Zealand Journal of Forestry},
    volume={7},
    pages={55-65},
}
@article{campbell1962mycorrhiza,
    author={Campbell, E. O.},
    year={1962},
    title={The mycorrhiza of Gastrodia cunninghamii},
    journal={Transactions of the Royal Society of New Zealand. Botany},
    volume={1},
    pages={289-96},
}
@article{campbell1968investigation,
    author={Campbell, E. O.},
    year={1968},
    title={An investigation of Thismia rodwayi and its associated fungus},
    journal={Transactions of the Royal Society of New Zealand. Botany},
    volume={3},
    pages={209-19},
}
@article{campbell1985megafossils,
    author={Campbell, J. D.},
    year={1985},
    title={Casuarinaceae, Fagaceae, and other plant megafossils from Kaikorai Leaf Beds (Miocene), Kaikorai Valley, Dunedin, New Zealand},
    journal={New Zealand Journal of Botany},
    volume={23},
    pages={311-20},
}
@article{carey1983necessity,
    author={Carey, S. Warren},
    year={1983},
    title={The necessity for earth expansion},
    journal={Continental Drift, A Symposium},
    editor={Carey S. W.},
    pages={375-93},
    publisher={University of Tasmania},
}
@book{carlquist1965island,
    author={Carlquist, S.},
    year={1965},
    title={Island Life},
    publisher={Natural History Press, New York},
}
@book{carlquist1970hawaii,
    author={Carlquist, S.},
    year={1970},
    title={Hawaii: A Natural History},
    publisher={Natural History Press, New York},
}
@book{chandler1964lower,
    author={Chandler, M. E.J.},
    year={1964},
    title={The Lower Tertiary Floras of Southern England. 4. A Summary and Survey of Findings},
    publisher={London},
}
@article{cheeseman1896flora,
    author={Cheeseman, T. F.},
    year={1896},
    title={On the flora of the North Cape District},
    journal={Transactions of the New Zealand Institute},
    volume={29},
    pages={333-85},
}
@book{cheeseman1909systematic,
    author={Cheeseman, T. F.},
    year={1909},
    title={On the systematic Botany of the islands to the south of New Zealand},
    journal={The Subantarctic Islands of New Zealand},
    volume={2},
    pages={389-471},
    publisher={Government Printer, Wellington},
}
@article{cockayne1899enquiry,
    author={Cockayne, L.},
    year={1899},
    title={An enquiry into the seedling forms of New Zealand phanerogams and their development. Part II},
    journal={Transactions and proceedings of the New Zealand Institute},
    volume={31},
    pages={361-98},
}
@book{cockayne1902chatham,
    author={Cockayne, L.},
    year={1902},
    title={A short account of the plant covering of Chatham Island},
    publisher={Trans. N. Z. Inst. 34: 243- 325.},
}
@article{cockayne1909ecological,
    author={Cockayne, L.},
    year={1909},
    title={The ecological Botany of the subantarctic islands of New Zealand},
    journal={The Subantarctic Islands of New Zealand},
    volume={1},
    pages={182-235},
    publisher={Government Printer, Wellington},
}
@article{cockayne1912observations,
    author={Cockayne, L.},
    year={1912},
    title={Observations concerning evolution, derived from ecological studies in New Zealand},
    journal={Transactions and proceedings of the New Zealand Institute},
    volume={44},
    pages={1-50},
}
@book{cockayne1928vegetation,
    author={Cockayne, L.},
    year={1928},
    title={The Vegetation of New Zealand},
    edition={2},
    series={Die Vegetation der Erde XIV},
    publisher={Engelmann, Leipzig},
}
@book{cockayne1967plants,
    author={Cockayne, L.},
    year={1967},
    title={New Zealand Plants and their story},
    editor={Godley E. J.},
    edition={4},
    publisher={Government Printer, Wellington},
}
@inbook{connor1969montane,
    author={Connor, H. E. and Macrae, A. H.},
    year={1969},
    title={Montane and subalpine tussock grasslands in Canterbury},
    booktitle={The Natural History of Canterbury},
    pages={168-204},
    publisher={A. H. \& A. W. Reed, Wellington},
}
@article{connor1985biosystematics,
    author={Connor, H. E.},
    year={1985},
    title={Biosystematics of higher plants in New Zealand 1965-1984},
    journal={New Zealand Journal of Botany},
    volume={23},
    pages={1965-1984},
}
@article{cranwell1939southern,
    author={Cranwell, L. M.},
    year={1939},
    title={Southern-beech pollens},
    journal={Records of the Auckland Institute and Museum},
    volume={2},
    pages={175-96},
}
@book{craw1982phylogenetics,
    author={Craw, R. C.},
    year={1982},
    title={Phylogenetics, Areas, Geology and the Biogeography of Croizat: A Radical View},
    journal={Systematic Zoology},
    volume={31},
    pages={304-16},
}
@inbook{crook1981break,
    author={Crook, Keith A. W.},
    year={1981},
    title={The break-up of the Australian-Antarctic segment of Gondwanaland},
    booktitle={Ecological Biogeography of Australia},
    editor={Keast A.},
    pages={3-14},
}
@article{dansereau1964six,
    author={Dansereau, P.},
    year={1964},
    title={Six problems in New Zealand vegetation},
    journal={Bulletin of the Torrey Botanical Club},
    volume={91},
    pages={114-40},
}
@article{dawson1966vegetative,
    author={Dawson, J. W.},
    year={1966},
    title={Vegetative features of Griselinia lucida. A New Zealand shrub epiphyte},
    journal={Tuatara},
    volume={14},
    pages={121-9},
    publisher={Victoria University, Wellington},
}
@article{dawson1967growth,
    author={Dawson, J. W.},
    year={1967},
    title={A growth habit comparison of Metrosideros and Ficus},
    journal={Tuatara},
    volume={15},
    pages={16-24},
    publisher={Victoria University, Wellington},
}
@article{dawson1969lowland,
    author={Dawson, J. W. and Sneddon, B. V.},
    year={1969},
    title={The New Zealand lowland rain forest. A comparison with tropical rain forest},
    journal={Pacific Science},
    pages={131-47},
}
@inbook{dawson1971relationships,
    author={Dawson, J. W.},
    year={1971},
    title={Relationships of the New Zealand Umbelliferae},
    booktitle={The Biology and Chemistry of the Umbelliferae},
    editor={Heywood V. H.},
    pages={43-61},
    publisher={Academic Press},
}
@article{dawson1978research,
    author={Dawson, J. W. and LeComte, J. R.},
    year={1978},
    title={Research on Aciphylla. A progress report},
    journal={Tuatara},
    volume={23},
    pages={49-67},
    publisher={Victoria University, Wellington},
}
@article{dawson1985metrosideros,
    author={Dawson, J. W.},
    year={1985},
    title={Metrosideros bartletti (Myrtaceae) a new species from North Cape, New Zealand},
    journal={New Zealand Journal of Botany},
    volume={23},
    pages={607-10},
}
@article{dawson1986floristic,
    author={Dawson, J. W.},
    year={1986},
    title={Floristic Relationships of lowland rainforest phanerogams of New Zealand},
    journal={Telopea},
    volume={2},
    pages={681-95},
}
@article{dettmann1981cretaceous,
    author={Dettmann, Mary, E.},
    year={1981},
    title={The Cretaceous flora},
    booktitle={Ecological Biogeography of Australia},
    journal={Systematic Biology},
    editor={Keast A.},
    volume={31},
    pages={357-75},
}
@article{diels1897vegetations,
    author={Diels, L.},
    year={1897},
    title={Vegetations Biologie von Neu-See-land},
    journal={Botanische JahrbÃ¼cher},
    volume={22},
    pages={202-300},
}
@article{drake1980influx,
    author={Drake, Hilary and Burrows, C. J.},
    year={1980},
    title={The influx of potential macrofossils into Lady Lake, north Westland, New Zealand},
    journal={New Zealand Journal of Botany},
    volume={18},
    pages={257-74},
}
@article{druce1971uncle,
    author={Druce, A. P.},
    year={1971},
    title={Uncle Rimus and Brer Ratas},
    journal={Wellington Botanical Society Bulletin},
    volume={37},
    pages={59-62},
}
@article{druce1979indigenous,
    author={Druce A. P., Bartlett J. K. and Gardner R. O.},
    year={1979},
    title={Indigenous vascular plants of the serpentine area of Surville Cliffs and adjacent cliff tops, north-west of North Cape, New Zealand},
    journal={Tane},
    volume={25},
    pages={187-206},
}
@book{druce1984indigenous,
    author={Druce, A. P.},
    year={1984},
    title={Indigenous higher plants of N. W. Nelson and indigenous higher plants of New Zealand not in N. W. Nelson},
    publisher={Botany Division, D.S.I.R.},
}
@book{eagle1982trees,
    author={Eagle, Audrey},
    year={1982},
    title={Eagle's Trees and Shrubs of New Zealand},
    publisher={Collins},
}
@article{ehrendorfer1979reproductive,
    author={Ehrendorfer, F.},
    year={1979},
    title={Reproductive biology in island plants},
    journal={Plants and Islands},
    editor={Bramwell D.},
    pages={293-306},
    publisher={Academic Press},
}
@article{esler1975gumland,
    author={Esler, A. E. and Rumball, P. J.},
    year={1975},
    title={Gumland Vegetation at Kaikohe, Northland, New Zealand},
    journal={New Zealand Journal of Botany},
    volume={13},
    pages={425-36},
}
@article{fineran1974parasitic,
    author={Fineran, B. A.},
    year={1974},
    title={Parasitic flowering plants},
    journal={New Zealand's Nature Heritage},
    volume={23},
    pages={637-41},
}
@article{fisher1965alpine,
    author={Fisher, F. J. F.},
    year={1965},
    title={The Alpine Ranunculi of New Zealand},
    journal={New Zealand DSIR Bulletin},
    volume={165},
    pages={1-192},
}
@article{fleming1963age,
    author={Fleming, C. A.},
    year={1963},
    title={Age of the alpine biota},
    journal={Proceedings of the New Zealand Ecological Society},
    volume={10},
    pages={15-18},
}
@book{fleming1979geological,
    author={Fleming, C. A.},
    year={1979},
    title={The Geological History of New Zealand and its Life},
    publisher={Auckland University Press},
}
@article{friedmann1976observations,
    author={Friedmann, F. and Cadet, Th.},
    year={1976},
    title={Observations sur l'hetÃ©rophyllie dans les Iles Mascareignes},
    journal={Adansonia},
    series={2},
    volume={15},
    number={4},
    pages={423-40},
}
@article{gibson1985comparison,
    author={Gibson, Neil and Kirkpatrick, J. B.},
    year={1985},
    title={A comparison of cushion plant communities of New Zealand and Tasmania},
    journal={New Zealand Journal of Botany},
    volume={23},
    pages={549-66},
}
@article{gillett1972role,
    author={Gillett, G. W.},
    year={1972},
    title={The role of hybridization in the evolution of the Hawaiian flora},
    journal={Taxonomy, Phytogeography and Evolution},
    editor={Valentine D. H.},
    pages={205-19},
    publisher={Academic Press},
}
@book{gillham1967sub,
    author={Gillham, M. E.},
    year={1967},
    title={Sub-antarctic Sanctuary. Summertime on Macquarie Island},
    publisher={Gollancz, London},
}
@article{given1969synopsis,
    author={Given, D. R.},
    year={1969},
    title={A synopsis of infrageneric categories in Celmisia},
    journal={New Zealand Journal of Botany},
    volume={7},
    pages={400-18},
}
@article{given1973damnamenia,
    author={Given, David R.},
    year={1973},
    title={Damnamenia gen. nov. A new subantarctic genus allied to Celmisia Cass. (Astereae â€” Compositae)},
    journal={New Zealand Journal of Botany},
    volume={11},
    pages={785-96},
}
@book{given1984conservation,
    author={Given, David R. and Williams Peter A.},
    year={1984},
    title={Conservation of Chatham Island Flora and Vegetation},
    publisher={Botany Division, DSIR},
}
@article{godley1960botany,
    author={Godley, E. J.},
    year={1960},
    title={The botany of southern Chile in relation to New Zealand and the Subantarctic},
    journal={Proceedings of the Royal Society of London B},
    volume={152},
    pages={457-75},
}
@article{godley1965notes,
    author={Godley, E. J.},
    year={1965},
    title={Notes on the vegetation of the Auckland Islands},
    journal={Proceedings of the New Zealand Ecological Society},
    volume={12},
    pages={57-63},
}
@article{godley1979flower,
    author={Godley, E. J.},
    year={1979},
    title={Flower Biology in New Zealand},
    journal={New Zealand Journal of Botany},
    volume={17},
    pages={441-66},
}
@article{godley1979leonard,
    author={Godley, E. J.},
    year={1979},
    title={Leonard Cockayne and evolution},
    journal={New Zealand Journal of Botany},
    volume={17},
    pages={197-215},
}
@article{godley1985paths,
    author={Godley, E. J.},
    year={1985},
    title={Paths to maturity},
    journal={New Zealand Journal of Botany},
    volume={23},
    pages={687-706},
}
@book{goodspeed1950plant,
    author={Goodspeed, T Harper.,},
    year={1950},
    title={Plant Hunters in the Andes},
    publisher={Robert Hale, London},
}
@article{green1970notes,
    author={Green, P. S.},
    year={1970},
    title={Notes relating to the floras of Norfolk and Lord Howe Islands, I},
    journal={Journal of the Arnold Arboretum},
    volume={51},
    pages={204-20},
}
@article{green1979observations,
    author={Green, P. S.},
    year={1979},
    title={Observations on the phyto-geography of the New Hebrides, Lord Howe Island and Norfolk Island},
    journal={Plants and Islands},
    editor={Bramwell D.},
    pages={41-53},
    publisher={Academic Press},
}
@article{greenwood1977evolution,
    author={Greenwood, R. M. and Atkinson, I. A. E.},
    year={1977},
    title={Evolution of the divaricating plants of New Zealand in relation to moa browsing},
    journal={Proceedings of the New Zealand Ecological Society},
    volume={24},
    pages={21-33},
}
@book{groves1981australian,
    year={1981},
    title={Australian Vegetation},
    editor={Groves, R. H.},
    publisher={Cambridge Univ. Press},
}
@book{guthriesmith1926tutira,
    author={Guthrie-Smith,},
    year={1926},
    title={Tutira. The Story of a New Zealand Sheep Station},
    edition={2},
    publisher={Blackwood, Edinburgh},
}
@book{harris1970alpine,
    author={Harris, Thistle Y.},
    year={1970},
    title={Alpine Plants of Australia},
    publisher={Angus and Robertson},
}
@article{harrisonsmith1938kauri,
    author={Harrison-Smith, J. L.},
    year={1938},
    title={The kauri as a host tree},
    journal={New Zealand Journal of Forestry},
    volume={4},
    pages={173-177},
}
@article{hatch1948epiphytic,
    author={Hatch, E. D.},
    year={1948},
    title={The epiphytic orchids of New Zealand},
    journal={Transactions of the Royal Society of New Zealand},
    volume={78},
    pages={101-5},
}
@article{havel1971araucaria,
    author={Havel, J. J.},
    year={1971},
    title={The Araucaria forests of New Guinea and their regenerative capacity},
    journal={Journal of Ecology},
    volume={59},
    pages={203-14},
}
@inbook{healy1969adventive,
    author={Healy, A. J.},
    year={1969},
    title={The adventive flora of Canterbury},
    booktitle={The Natural History of Canterbury},
    pages={261-333},
    publisher={A. H. \& A. W. Reed, Wellington},
}
@book{healy1980flora,
    author={Healy, A. J. and Edgar, Elizabeth},
    year={1980},
    maintitle={Flora of New Zealand},
    volume={3},
    title={Adventive Cyperaceous, Petalous and Spathaceous Monocotyledons},
    publisher={Government Printer, Wellington},
}
@article{holloway1923studies,
    author={Holloway, J. E.},
    year={1923},
    title={Studies in the New Zealand Hymenophyllaceae},
    journal={Transactions of the New Zealand Institute},
    volume={54},
    pages={577-618},
}
@article{holloway1954forests,
    author={Holloway, J. T.},
    year={1954},
    title={Forests and climates in the South Island of New Zealand},
    journal={Transactions of the Royal Society of New Zealand},
    volume={82},
    pages={329-410},
}
@book{hutton1986lord,
    author={Hutton, Ian,},
    year={1986},
    title={Lord Howe Island},
    publisher={Conservation Press, Canberra},
}
@article{johns1982plant,
    author={Johns, R. J.},
    year={1982},
    title={Plant Zonation},
    journal={Biogeography and Ecology in New Guinea},
    editor={Gressitt L.},
    volume={1},
    pages={309-30},
}
@article{johnson1975vascular,
    author={Johnson, P. N. and Campbell, D. J.},
    year={1975},
    title={Vascular plants of the Auckland Islands},
    journal={New Zealand Journal of Botany},
    volume={13},
    pages={665-720},
}
@article{jones1956ecological,
    author={Jones, E. W.},
    year={1956},
    title={Ecological studies on the rain forest of Southern Nigeria IV. The plateau forest of the Okumu Forest Reserve},
    journal={Journal of Ecology},
    volume={44},
    pages={83-117},
}
@book{kelly1983distribution,
    author={Kelly, G. C.},
    year={1983},
    title={Distribution and ranking of remaining areas of indigenous vegetation in the Chatham Islands, with site notes and introductory text},
    publisher={Dept. of Lands and Survey Land Resources Inventory map sheet with extended legend},
}
@article{kemp1978tertiary,
    author={Kemp, Elizabeth M.},
    year={1978},
    title={Tertiary climatic evolution and vegetation history in the southeast Indian Ocean region},
    journal={Palaeogeography, Palaeoclimatology, Palaeoecology},
    volume={4},
    pages={169-208},
}
@article{kirk1869botany,
    author={Kirk, T.},
    year={1869},
    title={On the Botany of the Thames gold fields},
    journal={Transactions of the New Zealand Institute},
    volume={2},
    pages={89-100},
}
@book{koechlinj1974flore,
    author={Koechlin J., Guillaumet J-L and Morat, Ph.},
    year={1974},
    title={Flore et Vegetation de Madagascar},
    publisher={Vaduz: Cramer},
}
@book{laing1906plants,
    author={Laing, R. M. and Blackwell, E. W.},
    year={1906},
    title={Plants of New Zealand},
    edition={7},
    publisher={Whitcombe and Tombs, Christchurch},
}
@article{laing1915revised,
    author={Laing, R. M.},
    year={1915},
    title={A revised list of the Norfolk Island flora with some notes on the species},
    journal={Transactions and proceedings of the New Zealand Institute},
    volume={41},
    pages={1-39},
}
@article{lloyd1985progress,
    author={Lloyd, David G.},
    year={1985},
    title={Progress in understanding the natural history of New Zealand Plants},
    journal={New Zealand Journal of Botany},
    volume={23},
    pages={707-22},
}
@book{lowry1980evolution,
    author={Lowry, J. B.},
    year={1980},
    title={Evolution of divaricating plants in New Zealand in relation to moa browsing},
    publisher={N. Z. Journ. Ecol. 3: 165.},
}
@inbook{mabberley1979pachycaul,
    author={Mabberley, D. J.},
    year={1979},
    title={Pachycaul plants and islands},
    journal={Plants and Islands},
    editor={Bramwell D.},
    pages={259-277},
    publisher={Academic Press},
}
@article{macmillan1973biological,
    author={MacMillan, B. H.},
    year={1973},
    title={Biological flora of New Zealand 7: Ripogonum scandens. Supplejack, Kareao},
    journal={New Zealand Journal of Botany},
    volume={10},
    pages={641-72},
}
@article{mark1970high,
    author={Mark, A. F. and Bliss, L. C.},
    year={1970},
    title={The high-alpine vegetation of Central Otago, New Zealand},
    journal={New Zealand Journal of Botany},
    volume={8},
    pages={381-451},
}
@article{mark1974snow,
    author={Mark, A. F.},
    year={1974},
    title={Snow tussock grasslands},
    journal={New Zealand Nature Heritage},
    volume={35},
    pages={976-81},
}
@article{mark1975lowland,
    author={Mark, A. F. and Smith, P. M. F.},
    year={1975},
    title={A lowland vegetation sequence in South Westland: Pakihi bog to mixed beech-podocarp forest. Part. I: The principal strata},
    journal={Proceedings of the New Zealand Ecological Society},
    volume={22},
    pages={76-89},
}
@article{mark1980progress,
    author={Mark A. F.},
    year={1980},
    title={Progress in tussock grasslands research since Cockayne's day},
    journal={Transactions of the Royal Society of New Zealand},
    volume={108},
    pages={122-42},
}
@article{martin1981tertiary,
    author={Martin, Helene, A.},
    year={1981},
    title={The Tertiary flora},
    journal={Ecological Biogeography of Australia},
    editor={Keast A.},
    pages={393-426},
}
@article{mcglone1977ascarina,
    author={McGlone, M. S. and Moar, N. T.},
    year={1977},
    title={The Ascarina decline and post-glacial climatic change in New Zealand},
    journal={New Zealand Journal of Botany},
    volume={15},
    pages={485-9},
}
@article{mcglone1978forest,
    author={McGlone, M. S.},
    year={1978},
    title={Forest destruction by early Polynesians, Lake Poukawa, Hawkes Bay, New Zealand},
    journal={Journal of the Royal Society of New Zealand},
    volume={8},
    pages={275-81},
}
@article{mcglone1981selective,
    author={McGlone, M. S. and Webb, C. J.},
    year={1981},
    title={Selective forces influencing the evolution of divaricating plants},
    journal={New Zealand Journal of Ecology},
    volume={4},
    pages={20-28},
    publisher={New Zealand Ecological Society},
}
@article{mcglone1983vegetation,
    author={McGlone, M. S. and Bathgate, J. L.},
    year={1983},
    title={Vegetation and climate history of the Longwood Range, South Island, New Zealand, 12000 BP. to the present},
    journal={New Zealand Journal of Botany},
    volume={21},
    pages={293-315},
}
@article{mcglone1985plant,
    author={McGlone, M. S.},
    year={1985},
    title={Plant biogeography and the late Cenozoic history of New Zealand},
    journal={New Zealand Journal of Botany},
    volume={23},
    pages={723-49},
}
@book{mckelvey1963synecology,
    author={McKelvey, P. J.},
    year={1963},
    title={The synecology of the West Taupo indigenous forests},
    publisher={N. Z. Forest Service Bull. 14. Government Printer, Wellington},
}
@book{mckelvey1973pattern,
    author={McKelvey, P. J.},
    year={1973},
    title={The pattern of the Urewera Forests},
    publisher={Forest Research Institute, Technical paper 59.},
}
@article{mcqueen1976ecology,
    author={McQueen, D. R.},
    year={1976},
    title={The ecology of Nothofagus and associated vegetation in South America},
    journal={Tuatara},
    volume={22},
    pages={38-68},
    publisher={Victoria University, Wellington},
}
@article{melville1981vicarious,
    author={Melville, R.},
    year={1981},
    title={Vicarious plant distributions and paleogeography of the Pacific region},
    journal={Vicariance biogeography: a Critique},
    editor={Nelson G. and Rosen D. E.},
    pages={238-74},
    publisher={Columbia University Press, New York},
}
@article{meurk1982regeneration,
    author={Meurk, C. D.},
    year={1982},
    title={Regeneration of subantarctic plants on Campbell Island following exclusion of sheep},
    journal={New Zealand Journal of Ecology},
    volume={5},
    pages={51-58},
    publisher={New Zealand Ecological Society},
}
@article{meurk1982supplementary,
    author={Meurk, Colin D.},
    year={1982},
    title={Supplementary notes on plant distributions of the subantarctic Auckland Islands},
    journal={New Zealand Journal of Botany},
    volume={20},
    pages={373-80},
}
@article{mildenhall1980new,
    author={Mildenhall, D. C.},
    year={1980},
    title={New Zealand late Cretaceous and Cenozoic plant biogeography: a contribution},
    journal={Palaeogeography, Palaeoclimatology, Palaeoecology},
    volume={31},
    pages={197-233},
}
@article{mildenhall1984palaeobotanical,
    author={Mildenhall, D. C. and Pocknall, D. T.},
    year={1984},
    title={Palaeobotanical evidence for changes in Miocene and Pliocene climates in New Zealand},
    journal={Late Cainozoic Climates of the Southern Hemisphere},
    editor={Vogel J. C.},
    pages={159-71},
    publisher={Sasqua International Symposium. A. A. Balkema, Netherlands},
}
@inbook{molloy1969recent,
    author={Molloy, B. P. J.},
    year={1969},
    title={Recent history of the vegetation},
    booktitle={The Natural History of Canterbury},
    pages={340-60},
    publisher={A. H. \& A. W. Reed, Wellington},
}
@article{molloy1980taxonomy,
    author={Molloy, B. P. J. and Simpson, M. J. A.},
    year={1980},
    title={Taxonomy, distribution and ecology of Pachystegia (Compositae). A progress report},
    journal={New Zealand Journal of Ecology},
    volume={3},
    pages={1-3},
    publisher={New Zealand Ecological Society},
}
@article{molloybpj1963distribution,
    author={Molloy B. P. J., Burrows C. J. et al.},
    year={1963},
    title={Distribution of sub fossil forest remains in eastern South Island},
    journal={New Zealand Journal of Botany},
    volume={1},
    pages={68-77},
}
@article{moore1940structure,
    author={Moore, L. B.},
    year={1940},
    title={The structure and life history of the root parasite Dactylanthus taylori},
    journal={New Zealand Journal of Science and Technology},
    volume={21B},
    pages={206-24},
}
@book{moore1963plants,
    author={Moore, L. M. and Adams, N. M.},
    year={1963},
    title={Plants of the New Zealand Coast},
    publisher={Paul's Book Arcade, Hamilton},
}
@article{moore1975alpine,
    author={Moore, D. M.},
    year={1975},
    title={The alpine flora of Tierra del Fuego},
    journal={Anales del Instituto BotÃ¡nico A. J. Cavanilles},
    volume={32},
    pages={419-40},
}
@article{morat1986floristic,
    author={Morat Ph., Veillon J. M., and MacKee H. S.},
    year={1986},
    title={Floristic relationships of New Caledonian rainforest phanerogams},
    journal={Telopea},
    volume={2},
    pages={631-79},
}
@article{moratph1986affinites,
    author={Morat Ph., Jaffre T., Veillon J. M. and MacKee H. S.},
    year={1986},
    title={AffinitÃ©s floristiques et considÃ©rations sur I'origine des maquis miniers de la Nouvelle-CalÃ©-donie},
    journal={Adansonia},
    volume={2},
    pages={133-82},
}
@book{oliver1896vegetation,
    author={Oliver, W. R. B.},
    year={1896},
    title={The vegetation and flora of Lord Howe Island},
    journal={Transactions and proceedings of the New Zealand Institute},
    volume={42},
    pages={94-161},
}
@article{oliver1910vegetation,
    author={Oliver, W. R. B.},
    year={1910},
    title={The Vegetation of the Kermadec Islands},
    journal={Transactions of the New Zealand Institute},
    volume={42},
    pages={118-75},
}
@article{oliver1930new,
    author={Oliver, W. R. B.},
    year={1930},
    title={New Zealand epiphytes},
    journal={Journal of Ecology},
    volume={18},
    pages={1-50},
}
@article{oliver1948flora,
    author={Oliver, W. R. B.},
    year={1948},
    title={The Flora of the Three Kings Islands},
    journal={Records of the Auckland Institute and Museum},
    volume={3},
    pages={211-88},
}
@book{oliver1951botanical,
    author={Oliver, R. L. and Sorensen, J. H.},
    year={1951},
    title={Botanical investigations on Campbell Island},
    publisher={Cape Exped. Ser. Bull. No. 7. DSIR, Wellington},
}
@article{page1986tree,
    author={Page, C. N. and Brownsey, P. J.},
    year={1986},
    title={Tree fern skirts â€” A defence against climbers and large epiphytes},
    journal={Journal of Ecology},
    volume={74},
    pages={787-97},
}
@article{philipson1959some,
    author={Philipson, W. R.},
    year={1959},
    title={Some observations on root parasitism in New Zealand},
    journal={Transactions of the Royal Society of New Zealand},
    volume={87},
    pages={1-3},
}
@article{philipson1964habit,
    author={Philipson, W. R.},
    year={1964},
    title={Habit in relation to age in New Zealand trees},
    journal={Maheshwari commemorative volume, Journal of the Indian Botanical Society},
    volume={42A},
    pages={167-79},
}
@article{pocknall1980modern,
    author={Pocknall, D J.},
    year={1980},
    title={Modern pollen rain and Aranuian vegetation from Lady Lake, north Westland, New Zealand},
    journal={New Zealand Journal of Botany},
    volume={18},
    pages={275-84},
}
@book{pocknall1984late,
    author={Pocknall, D. T. and Mildenhall, D. C.},
    year={1984},
    title={Late Oligocene â€” early Miocene spores and pollen from Southland, New Zealand},
    journal={New Zealand Geological Survey paleontological bulletin},
    volume={51},
}
@article{poole1937survey,
    author={Poole, A. L.},
    year={1937},
    title={A brief ecological survey of the Pukekura State Forest, South Westland},
    journal={New Zealand Journal of Forestry},
    volume={4},
    pages={78-85},
}
@article{poole1948flowering,
    author={Poole, A. L.},
    year={1948},
    title={The flowering of beech},
    journal={New Zealand Journal of Forestry},
    volume={5},
    pages={422-42},
}
@article{poole1958studies,
    author={Poole, A. L.},
    year={1958},
    title={Studies of the New Zealand Noth-ofagus species III. The entire-leaved species},
    journal={Transactions of the Royal Society of New Zealand},
    volume={85},
    pages={551-64},
}
@article{pope1924role,
    author={Pope, A.},
    year={1924},
    title={The role of the tree fern in the New Zealand bush},
    journal={New Zealand Journal of Science and Technology},
    volume={7},
    pages={52-61},
}
@article{preest1963dispersal,
    author={Preest, D. S.},
    year={1963},
    title={A note on the dispersal characteristics of the seed of the New Zealand podocarps and beeches, and their biogeographical significance},
    journal={Pacific Basin Biogeography, 10th Pacific Science Congress},
    editor={Gressitt J. T.},
    pages={415-24},
    publisher={Bishop Museum Press, Honolulu},
}
@article{primack1983insect,
    author={Primack, Richard B.},
    year={1983},
    title={Insect pollination in the New Zealand mountain flora},
    journal={New Zealand Journal of Botany},
    volume={21},
    pages={317-33},
}
@article{rattenbury1962cyclic,
    author={Rattenbury, J. A.},
    year={1962},
    title={Cyclic hybridisation as survival mechanism in the New Zealand forest flora},
    journal={Evolution},
    volume={16},
    pages={348-63},
}
@article{raven1973evolution,
    author={Raven, Peter H.},
    year={1973},
    title={Evolution of subalpine and alpine plant groups in New Zealand},
    journal={New Zealand Journal of Botany},
    volume={11},
    pages={177-200},
}
@book{richards1952tropical,
    author={Richards, P. W.},
    year={1952},
    title={The Tropical Rain Forest. An Ecological Study},
    publisher={Cambridge University Press},
}
@article{rigg1962pakihi,
    author={Rigg, H. H.},
    year={1962},
    title={The pakihi bogs of Westport, New Zealand},
    journal={Transactions of the Royal Society of New Zealand Botany},
    volume={1},
    pages={91-108},
}
@article{robbins1962podocarp,
    author={Robbins, R. G.},
    year={1962},
    title={The podocarp-broadleaf forests of New Zealand},
    journal={Transactions of the Royal Society of New Zealand Botany},
    volume={1},
    pages={33-75},
}
@article{rodd1983census,
    author={Rodd, A. N. and Pickard, John},
    year={1983},
    title={Census of vascular flora of Lord Howe Island},
    journal={Cunninghamia},
    volume={1},
    pages={267-80},
}
@article{russel1936mechanism,
    author={Russel, R. S.},
    year={1936},
    title={The mechanism of leaf fall in certain New Zealand trees},
    journal={Transactions of the Royal Society of New Zealand},
    volume={65},
    pages={407-21},
}
@article{sampson1965domatia,
    author={Sampson, F. B. and McLean, Jean},
    year={1965},
    title={A note on the occurrence of domatia on the underside of leaves in New Zealand plants},
    journal={New Zealand Journal of Botany},
    volume={3},
    pages={104-12},
}
@book{schmid1981fleurs,
    author={Schmid, Maurice,},
    year={1981},
    title={Fleurs et Plantes de Nouvelle-CalÃ©donie},
    publisher={Les Editions du Pacifique},
}
@article{seppelt1984vascular,
    author={Seppelt R. D., Copson G. R. and Brown M. J.},
    year={1984},
    title={Vascular flora and vegetation of Macquarie Island},
    journal={Tasmanian Naturalist},
    volume={78},
    pages={7-12},
}
@book{smith1982history,
    year={1982},
    title={A History of Australasian Vegetation},
    editor={Smith, J. M. B.},
    publisher={McGraw-Hill},
}
@book{stevens1980new,
    author={Stevens, G. R.},
    year={1980},
    title={New Zealand Adrift},
    publisher={Reed, Wellington},
}
@article{sykes1977annotated,
    author={Sykes, W. R.},
    year={1977},
    title={An annotated check list},
    journal={New Zealand DSIR Bulletin},
    volume={219},
    pages={1-296},
}
@article{taylor1955flora,
    author={Taylor, B. W.},
    year={1955},
    title={The Flora, Vegetation and Soils of Macquarie Island},
    journal={Australian National Research Expedition Reports},
    series={B. (II), Botany},
    volume={II},
    pages={1-192},
}
@book{turner1968conservation,
    author={Turner J. S., Smithers C. W. and Hoogland R. D.},
    year={1968},
    title={The Conservation of Norfolk Island},
    publisher={Australian Conservation Foundation. Special Publication Number I.},
}
@article{veblen1982conifer,
    author={Veblen, T. T. and Stewart, G. H.},
    year={1982},
    title={On the conifer regeneration gap in New Zealand: The dynamics of Libocedrus bidwillii stands on the South Island},
    journal={Journal of Ecology},
    volume={70},
    pages={413-36},
}
@article{wace1960botany,
    author={Wace, N. M.},
    year={1960},
    title={The botany of the southern oceanic islands},
    journal={Proceedings of the Royal Society of London},
    series={B, Biological Sciences},
    volume={152},
    number={949},
    pages={475-90},
}
@inbook{wace1965vascular,
    author={Wace, N. M.},
    year={1965},
    title={Vascular Plants},
    journal={Biogeography and Ecology in Antarctica},
    editor={van Dye, P. and van Mieghem, J.},
    pages={201-66},
}
@article{wardle1963evolution,
    author={Wardle, P.},
    year={1963},
    title={Evolution and distribution of the New Zealand flora as affected by Quarternary climates},
    journal={New Zealand Journal of Botany},
    volume={1},
    pages={3-17},
}
@article{wardle1963regeneration,
    author={Wardle P.},
    year={1963},
    title={The regeneration gap of New Zealand gymnosperms},
    journal={New Zealand Journal of Botany},
    volume={1},
    pages={301-15},
}
@article{wardle1964facets,
    author={Wardle, P.},
    year={1964},
    title={Facets of the distribution of forest vegetation in New Zealand},
    journal={New Zealand Journal of Botany},
    volume={2},
    pages={352-66},
}
@article{wardle1965comparison,
    author={Wardle, P.},
    year={1965},
    title={A comparison of alpine timberlines in New Zealand and North America},
    journal={New Zealand Journal of Botany},
    volume={3},
    pages={113-35},
}
@article{wardle1968evidence,
    author={Wardle, P.},
    year={1968},
    title={Evidence for an indigenous pre-Quaternary element in the mountain flora of New Zealand},
    journal={New Zealand Journal of Botany},
    volume={6},
    pages={120-5},
}
@article{wardle1971explanation,
    author={Wardle, P.},
    year={1971},
    title={An explanation for alpine timberlines},
    journal={New Zealand Journal of Botany},
    volume={9},
    pages={371-402},
}
@article{wardle1973newguinea,
    author={Wardle, P.},
    year={1973},
    title={New Guinea: our tropical counterpart},
    journal={Tuatara},
    volume={20},
    pages={113-24},
    publisher={Victoria University, Wellington},
}
@article{wardle1977plant,
    author={Wardle, P.},
    year={1977},
    title={Plant communities of Westland National Park and neighbouring lowland and coastal areas},
    journal={New Zealand Journal of Botany},
    volume={15},
    pages={323-98},
}
@article{wardle1978origin,
    author={Wardle, P.},
    year={1978},
    title={Origin of the New Zealand mountain flora, with special reference to trans-Tasman relationships},
    journal={New Zealand Journal of Botany},
    volume={16},
    pages={535-50},
}
@article{wardle1980ecology,
    author={Wardle, P.},
    year={1980},
    title={Ecology and distribution of silver beech (Nothofagus menziesii) in the Paringa district, South Westland, New Zealand},
    journal={New Zealand Journal of Ecology},
    volume={3},
    pages={23-34},
}
@book{wardle1984beeches,
    author={Wardle, John A.},
    year={1984},
    title={The New Zealand Beeches. Ecology, Utilisation and Management},
    publisher={N. Z. Forest Service},
}
@article{webb1959physiognomic,
    author={Webb, L. J.},
    year={1959},
    title={A physiognomic classification of Australian rain forests},
    journal={Journal of Ecology},
    volume={47},
    pages={551-70},
}
@article{webb1984natural,
    author={Webb, C. J. and Druce, A. P.},
    year={1984},
    title={A natural intergeneric hybrid, Aciphylla squarrosa x Gingidia montana, and the frequency of hybrids among other New Zealand apioid Umbelliferae},
    journal={New Zealand Journal of Botany},
    volume={22},
    pages={403-11},
}
@article{webb1986breeding,
    author={Webb, C. J.},
    year={1986},
    title={Breeding systems and relationships Gingidia and related Australasian Apiaceae in Gingidia and related Australasian Apiaceae},
    journal={Flora and Fauna of Alpine Australasia: Ages and Origins},
    editor={Barlow B. A.},
    pages={383-399},
    publisher={C. S. I. R. O., Canberra, Australia},
}
@article{webb1986recent,
    author={Webb L. J., Tracey J. G. and Jessup L. W.},
    year={1986},
    title={Recent evidence for autochthony of Australian tropical and subtropical rainforest floristic elements},
    journal={Telopea},
    volume={2},
    pages={575-89},
}
@article{went1971parallel,
    author={Went, F. W.},
    year={1971},
    title={Parallel evolution},
    journal={Taxon},
    volume={20},
    pages={197-226},
}
@article{whitmore1966social,
    author={Whitmore, T. C.},
    year={1966},
    title={The social status of Agathis in a rain forest in Melanesia},
    journal={Journal of Ecology},
    volume={54},
    pages={285-301},
}
@book{whitmore1975tropical,
    author={Whitmore, T. C.},
    year={1975},
    title={Tropical Rain Forests of the Far East},
    publisher={Clarendon, Oxford},
}
@article{williams1982species,
    author={Williams, G. R.},
    year={1982},
    title={Species-area and similar relationships of insects and vascular plants on the southern outlying islands of New Zealand},
    journal={New Zealand Journal of Ecology},
    volume={5},
    pages={86-96},
    publisher={New Zealand Ecological Society},
}
@book{wilson1978wild,
    author={Wilson, H. D.},
    year={1978},
    title={Wild Plants of Mount Cook National Park},
    publisher={Field Guide Publication},
}
@book{wright1959soils,
    author={Wright, A. C. S.},
    year={1959},
    title={Soils of Chatham Island},
    publisher={N. Z. Soil Bureau Bull. 19.},
}
@article{wright1983conservation,
    author={Wright, A. E.},
    year={1983},
    title={Conservation status of the Three Kings Islands flora in 1982},
    journal={Records of the Auckland Institute and Museum},
    volume={20},
    pages={175-84},
}
@article{zahlbruckner1928epiphyllous,
    author={Zahlbruckner A., Keissler K. and Allan H. H.},
    year={1928},
    title={The epiphyllous lichens of Kitchener Park, Feilding, New Zealand},
    journal={Transactions of the New Zealand Institute},
    volume={59},
    pages={304-14},
}
@article{zotov1948rata,
    author={Zotov, V. D.},
    year={1948},
    title={Rata the killer},
    journal={Tuatara},
    volume={1},
    pages={36-8},
    publisher={Victoria University, Wellington},
}
